@article{DBLP:journals/concurrency/BistarelliNGLMV23,
  author       = {Stefano Bistarelli and
                  Rocco De Nicola and
                  Letterio Galletta and
                  Cosimo Laneve and
                  Ivan Mercanti and
                  Adele Veschetti},
  title        = {Stochastic modeling and analysis of the bitcoin protocol in the presence
                  of block communication delays},
  journal      = {Concurr. Comput. Pract. Exp.},
  volume       = {35},
  number       = {16},
  year         = {2023},
  url          = {https://doi.org/10.1002/cpe.6749},
  doi          = {10.1002/cpe.6749},
  timestamp    = {Fri, 07 Jul 2023 23:32:34 +0200},
  biburl       = {https://dblp.org/rec/journals/concurrency/BistarelliNGLMV23.bib},
  bibsource    = {dblp computer science bibliography, https://dblp.org}
}

@article{DBLP:journals/distribledger/GallettaLMV23,
  author       = {Letterio Galletta and
                  Cosimo Laneve and
                  Ivan Mercanti and
                  Adele Veschetti},
  title        = {Resilience of Hybrid Casper Under Varying Values of Parameters},
  journal      = {Distributed Ledger Technol. Res. Pract.},
  volume       = {2},
  number       = {1},
  pages        = {5:1--5:25},
  year         = {2023},
  url          = {https://doi.org/10.1145/3571587},
  doi          = {10.1145/3571587},
  timestamp    = {Sat, 29 Apr 2023 19:27:49 +0200},
  biburl       = {https://dblp.org/rec/journals/distribledger/GallettaLMV23.bib},
  bibsource    = {dblp computer science bibliography, https://dblp.org}
}


@InBook{KY76,
author={D. Knuth and A. Yao},
title={Algorithms and Complexity: New Directions and Recent Results},
chapter={The complexity of nonuniform random number generation},
publisher={Academic Press},
year={1976},

volume={},
series={},
address={},
edition={},
month={},
note={},
key={}
}