@inproceedings{CGHL10,
  author       = {Marco Carbone and
                  Davide Grohmann and
                  Thomas T. Hildebrandt and
                  Hugo A. L{\'{o}}pez},
  editor       = {Kohei Honda and
                  Alan Mycroft},
  title        = {A Logic for Choreographies},
  booktitle    = {Proceedings Third Workshop on Programming Language Approaches to Concurrency
                  and communication-cEntric Software, {PLACES} 2010, Paphos, Cyprus,
                  21st March 2010},
  series       = {{EPTCS}},
  volume       = {69},
  pages        = {29--43},
  year         = {2010},
  url          = {https://doi.org/10.4204/EPTCS.69.3},
  doi          = {10.4204/EPTCS.69.3},
  timestamp    = {Mon, 13 Feb 2023 21:54:29 +0100},
  biburl       = {https://dblp.org/rec/journals/corr/abs-1110-4159.bib},
  bibsource    = {dblp computer science bibliography, https://dblp.org}
}

@inproceedings{DBLP:journals/entcs/BeekMLGFS05,
  author       = {Maurice H. ter Beek and
                  Mieke Massink and
                  Diego Latella and
                  Stefania Gnesi and
                  Alessandro Forghieri and
                  Maurizio Sebastianis},
  title        = {Model Checking Publish/Subscribe Notification for thinkteam\({}^{\mbox{{\textregistered}}}\)},
  booktitle    = {{FMICS}},
  series       = {Electronic Notes in Theoretical Computer Science},
  volume       = {133},
  pages        = {275--294},
  publisher    = {Elsevier},
  year         = {2004}
}

@article{HYC07b,
  author       = {Kohei Honda and
                  Nobuko Yoshida and
                  Marco Carbone},
  title        = {Web Services, Mobile Processes and Types},
  journal      = {Bull. {EATCS}},
  volume       = {91},
  pages        = {160--185},
  year         = {2007}
}


@inproceedings{CGMP23,
  author       = {Lu{\'{\i}}s Cruz{-}Filipe and
                  Eva Graversen and
                  Fabrizio Montesi and
                  Marco Peressotti},
  editor       = {Sung{-}Shik Jongmans and
                  Ant{\'{o}}nia Lopes},
  title        = {Reasoning About Choreographic Programs},
  booktitle    = {Coordination Models and Languages - 25th {IFIP} {WG} 6.1 International
                  Conference, {COORDINATION} 2023, Held as Part of the 18th International
                  Federated Conference on Distributed Computing Techniques, DisCoTec
                  2023, Lisbon, Portugal, June 19-23, 2023, Proceedings},
  series       = {Lecture Notes in Computer Science},
  volume       = {13908},
  pages        = {144--162},
  publisher    = {Springer},
  year         = {2023},
  url          = {https://doi.org/10.1007/978-3-031-35361-1\_8},
  doi          = {10.1007/978-3-031-35361-1\_8},
  timestamp    = {Fri, 07 Jul 2023 23:30:43 +0200},
  biburl       = {https://dblp.org/rec/conf/coordination/Cruz-FilipeGMP23.bib},
  bibsource    = {dblp computer science bibliography, https://dblp.org}
}
@article{GMP24,
  author       = {Saverio Giallorenzo and
                  Fabrizio Montesi and
                  Marco Peressotti},
  title        = {Choral: Object-oriented Choreographic Programming},
  journal      = {{ACM} Trans. Program. Lang. Syst.},
  volume       = 46,
  number       = 1,
  pages        = {1:1--1:59},
  year         = 2024,
  url          = {https://dl.acm.org/doi/10.1145/3632398},
  doi          = {10.1145/3632398}
}


@article{CHY12,
  author       = {Marco Carbone and
                  Kohei Honda and
                  Nobuko Yoshida},
  title        = {Structured Communication-Centered Programming for Web Services},
  journal      = {{ACM} Trans. Program. Lang. Syst.},
  volume       = 34,
  number       = 2,
  pages        = {8:1--8:78},
  year         = 2012,
  url          = {https://doi.org/10.1145/2220365.2220367},
  doi          = {10.1145/2220365.2220367},
  timestamp    = {Sun, 15 Jan 2023 14:30:24 +0100},
  biburl       = {https://dblp.org/rec/journals/toplas/CarboneHY12.bib},
  bibsource    = {dblp computer science bibliography, https://dblp.org}
}


@inproceedings{CM13,
  author       = {Marco Carbone and
                  Fabrizio Montesi},
  editor       = {Roberto Giacobazzi and
                  Radhia Cousot},
  title        = {Deadlock-freedom-by-design: multiparty asynchronous global programming},
  booktitle    = {The 40th Annual {ACM} {SIGPLAN-SIGACT} Symposium on Principles of
                  Programming Languages, {POPL} '13, Rome, Italy - January 23 - 25,
                  2013},
  pages        = {263--274},
  publisher    = {{ACM}},
  year         = 2013,
  url          = {https://doi.org/10.1145/2429069.2429101},
  doi          = {10.1145/2429069.2429101},
  timestamp    = {Thu, 24 Jun 2021 16:19:31 +0200},
  biburl       = {https://dblp.org/rec/conf/popl/CarboneM13.bib},
  bibsource    = {dblp computer science bibliography, https://dblp.org}
}


@PhdThesis{M13:phd,
  author = "Fabrizio Montesi",
  title = "Choreographic {P}rogramming",
  school = "IT University of Copenhagen",
  type = "Ph.{D}. Thesis",
  year = 2013,
  note = {\url{https://www.fabriziomontesi.com/files/choreographic-programming.pdf}}
}


@inproceedings{AC22,
  author       = {Bogdan Aman and
                  Gabriel Ciobanu},
  editor       = {Agata Ciabattoni and
                  Elaine Pimentel and
                  Ruy J. G. B. de Queiroz},
  title        = {Interval Probability for Sessions Types},
  booktitle    = {Logic, Language, Information, and Computation - 28th International
                  Workshop, WoLLIC 2022, Ia{\c{s}}i, Romania, September 20-23, 2022,
                  Proceedings},
  series       = {Lecture Notes in Computer Science},
  volume       = {13468},
  pages        = {123--140},
  publisher    = {Springer},
  year         = {2022},
  url          = {https://doi.org/10.1007/978-3-031-15298-6\_8},
  doi          = {10.1007/978-3-031-15298-6\_8},
  timestamp    = {Thu, 22 Sep 2022 19:57:43 +0200},
  biburl       = {https://dblp.org/rec/conf/wollic/AmanC22.bib},
  bibsource    = {dblp computer science bibliography, https://dblp.org}
}

@inproceedings{AC19,
  author       = {Bogdan Aman and
                  Gabriel Ciobanu},
  editor       = {Mircea Marin and
                  Adrian Craciun},
  title        = {Probabilities in Session Types},
  booktitle    = {Proceedings Third Symposium on Working Formal Methods, {FROM} 2019,
                  Timi{\c{s}}oara, Romania, 3-5 September 2019},
  series       = {{EPTCS}},
  volume       = {303},
  pages        = {92--106},
  year         = {2019},
  url          = {https://doi.org/10.4204/EPTCS.303.7},
  doi          = {10.4204/EPTCS.303.7},
  timestamp    = {Sun, 02 Oct 2022 15:31:57 +0200},
  biburl       = {https://dblp.org/rec/journals/corr/abs-1909-01748.bib},
  bibsource    = {dblp computer science bibliography, https://dblp.org}
}


@book{M23,
  place={Cambridge},
  title={Introduction to Choreographies},
  publisher={Cambridge University Press},
  author={Montesi, Fabrizio},
  year={2023}
}


@article{DBLP:journals/concurrency/BistarelliNGLMV23,
  author       = {Stefano Bistarelli and
                  Rocco De Nicola and
                  Letterio Galletta and
                  Cosimo Laneve and
                  Ivan Mercanti and
                  Adele Veschetti},
  title        = {Stochastic modeling and analysis of the bitcoin protocol in the presence
                  of block communication delays},
  journal      = {Concurr. Comput. Pract. Exp.},
  volume       = {35},
  number       = {16},
  year         = {2023},
  url          = {https://doi.org/10.1002/cpe.6749},
  doi          = {10.1002/cpe.6749},
  timestamp    = {Fri, 07 Jul 2023 23:32:34 +0200},
  biburl       = {https://dblp.org/rec/journals/concurrency/BistarelliNGLMV23.bib},
  bibsource    = {dblp computer science bibliography, https://dblp.org}
}

@inproceedings{DBLP:conf/popl/HondaYC08,
  author       = {Kohei Honda and
                  Nobuko Yoshida and
                  Marco Carbone},
  title        = {Multiparty asynchronous session types},
  booktitle    = {{POPL}},
  pages        = {273--284},
  publisher    = {{ACM}},
  year         = {2008}
}

@article{DBLP:journals/scp/AutiliIT18,
  author       = {Marco Autili and
                  Paola Inverardi and
                  Massimo Tivoli},
  title        = {Choreography Realizability Enforcement through the Automatic Synthesis
                  of Distributed Coordination Delegates},
  journal      = {Sci. Comput. Program.},
  volume       = {160},
  pages        = {3--29},
  year         = {2018}
}

@inproceedings{DBLP:conf/popl/CarboneM13,
  author       = {Marco Carbone and
                  Fabrizio Montesi},
  editor       = {Roberto Giacobazzi and
                  Radhia Cousot},
  title        = {Deadlock-freedom-by-design: multiparty asynchronous global programming},
  booktitle    = {The 40th Annual {ACM} {SIGPLAN-SIGACT} Symposium on Principles of
                  Programming Languages, {POPL} '13, Rome, Italy - January 23 - 25,
                  2013},
  pages        = {263--274},
  publisher    = {{ACM}},
  year         = {2013},
  url          = {https://doi.org/10.1145/2429069.2429101},
  doi          = {10.1145/2429069.2429101},
  timestamp    = {Thu, 24 Jun 2021 16:19:31 +0200},
  biburl       = {https://dblp.org/rec/conf/popl/CarboneM13.bib},
  bibsource    = {dblp computer science bibliography, https://dblp.org}
}

@article{DBLP:journals/corr/PredaGGLM16,
  author       = {Mila Dalla Preda and
                  Maurizio Gabbrielli and
                  Saverio Giallorenzo and
                  Ivan Lanese and
                  Jacopo Mauro},
  title        = {Dynamic Choreographies: Theory And Implementation},
  journal      = {Log. Methods Comput. Sci.},
  volume       = {13},
  number       = {2},
  year         = {2017}
}

@misc{ANTLR,
    title = {{ANTLR} - ANother Tool for Language Recognition},
    howpublished = {\url{https://www.antlr.org/}}
}


@misc{bitcoin,
    author = {Satoshi Nakamoto},
    title = {Bitcoin: A peer-to-peer electronic cash system},
    year = {2008},
    howpublished = {\url{https://bitcoin.org/bitcoin.pdf}},
}


@misc{ethereum,
  author = {Vitalik Buterin},
  title = {Ethereum White Paper},
  howpublished = "\url{https://github.com/ethereum/wiki/wiki/White-Paper}",
  year = {2013}
}

@article{DBLP:journals/distribledger/GallettaLMV23,
  author       = {Letterio Galletta and
                  Cosimo Laneve and
                  Ivan Mercanti and
                  Adele Veschetti},
  title        = {Resilience of Hybrid Casper Under Varying Values of Parameters},
  journal      = {Distributed Ledger Technol. Res. Pract.},
  volume       = {2},
  number       = {1},
  pages        = {5:1--5:25},
  year         = {2023},
  url          = {https://doi.org/10.1145/3571587},
  doi          = {10.1145/3571587},
  timestamp    = {Sat, 29 Apr 2023 19:27:49 +0200},
  biburl       = {https://dblp.org/rec/journals/distribledger/GallettaLMV23.bib},
  bibsource    = {dblp computer science bibliography, https://dblp.org}
}


@InBook{KY76,
author={D. Knuth and A. Yao},
title={Algorithms and Complexity: New Directions and Recent Results},
chapter={The complexity of nonuniform random number generation},
publisher={Academic Press},
year={1976},

volume={},
series={},
address={},
edition={},
month={},
note={},
key={}
}

@misc{PRISMdoc,
  title = {PRISM Documentation},
  howpublished = {\url{https://www.prismmodelchecker.org/}},
  note = {Accessed: 2023-09-05}
}

@misc{repository,
  title = {Repository},
  howpublished = {\url{https://github.com/adeleveschetti/ChoreoPRISM}},
  note = {Accessed: 2024-01-31}
}

@Article{distr1,
author={M. Kwiatkowska and G. Norman and D. Parker},
title={Probabilistic Verification of Hermanâ€™s Self-Stabilisation Algorithm},
journal={Formal Aspects of Computing},
year={2012},

volume={24},
number={4},
pages={661-670},
publisher={Springer},
month={},
note={},
key={}
}

@InProceedings{distr2,
author={M. Kwiatkowska and G. Norman and R. Segala},
title={Automated Verification of a Randomized Distributed Consensus Protocol Using {Cadence SMV} and {PRISM}},
booktitle={Proc. 13th International Conference on Computer Aided Verification (CAV'01)},
year={2001},
editor={G. Berry and H. Comon and A. Finkel},
pages={194--206},
organization={},
publisher={Springer},
series={LNCS},
volume={2102},
address={},
_month={July},
note={},
key={}
}

@Article{multimedia,
author={M. Kwiatkowska and G. Norman and J. Sproston},
title={Probabilistic Model Checking of Deadline Properties in the {IEEE 1394 FireWire} Root Contention Protocol},
journal={Formal Aspects of Computing},
year={2003},
volume={14},
number={3},
pages={295--318},
_month={April},
note={},
key={}
}

@article{security1,
author={G. Norman and V. Shmatikov},
title={Analysis of Probabilistic Contract Signing},
journal={Journal of Computer Security},
year={2006},
volume={14},
number={6},
pages={561--589},
month={},
note={},
key={}
}

@Article{security2,
author={M. Kwiatkowska and G. Norman and D. Parker and M.G. Vigliotti},
title={Probabilistic Mobile Ambients},
journal={Theoretical Computer Science},
year={2009},
volume={410},
number={12--13},
pages={1272--1303},
publisher={},
_month={March},
note={},
key={}
}

@InProceedings{bio1,
author={Frits Dannenberg and Marta Kwiatkowska and Chris Thachuk and Andrew Turberfield},
title={{DNA} walker circuits: computational potential, design, and verification},
booktitle={{Proc. 19th International Conference on DNA Computing and Molecular Programming (DNA 19)}},
year={2013},
editor={D. Soloveichik and B. Yurke},
pages={31--45},
organization={},
publisher={Springer},
series={LNCS},
volume={8141},
address={},
month={},
note={},
key={}
}

@InProceedings{bio2,
author={J. Heath and M. Kwiatkowska and G. Norman and D. Parker and O. Tymchyshyn},
title={Probabilistic model checking of complex biological pathways},
booktitle={Proc. Computational Methods in Systems Biology (CMSB'06)},
year={2006},
editor={C. Priami},
pages={32--47},
organization={},
publisher={Springer Verlag},
series={Lecture Notes in Bioinformatics},
volume={4210},
address={},
month={},
note={},
key={}
}